=LDR  01163cam a22003371i 4500
=001  692142
=005  20100309132528.0
=008  950310s1932\\\\xx\\\\\\\\\\\s000\0\eng\u
=016  7\$aCAT10906701$2DNAL
=035  \\$90906-70160
=035  \\$a692142
=040  \\$cUPRA
=049  \\$aRQIB
=070  0\$a281.344$bP38
=072  \\$aQ001
=072  \\$aE700
=072  \\$aT000
=110  1\$aPennsylvania State College.$bSchool of Agriculture.$bDept. of Agricultural Economics.
=245  14$aThe consumption of milk in Allegheny county, Pennsylvania /$c[by] T.K. Cowden and F.F. Lininger.
=260  \\$c1932.
=300  \\$a12 leaves
=650  \3$ahuman nutrition$9auto-assigned by category code
=650  \3$amarketing$9auto-assigned by category code
=650  \3$adistribution (economics)$9auto-assigned by category code
=650  \3$aagricultural economics$9auto-assigned by category code
=650  \3$aagribusiness$9auto-assigned by category code
=650  \3$adairy products$9auto-assigned by category code
=650  \3$aanimal-based foods$9auto-assigned by category code
=911  \\$ichl00090373
=930  \\$a00000000$b00000000$c00000000
=946  \\$aOther US

