=LDR  00783cam a22002531i 4500
=001  702432
=005  20100309125258.0
=008  950314s1917\\\\xx\\\\\\\\\\\f000\0\por\u
=016  7\$aCAT10974898$2DNAL
=035  \\$90974-89860
=035  \\$a702432
=040  \\$cUPRA
=049  \\$aRQIB
=070  0\$a284.3$bP83
=072  \\$aX700
=110  1\$aPortugal.$bMinistério das Financas.$bDireccao geral da Estatística.$bReparticao da Estatística agrícola.
=245  10$aElementos para o estudo do custo da vida em Portugal, nos anos de 1914 a 1916.
=260  \\$c1917.
=300  \\$a31 p.
=650  \3$amarket analysis$9auto-assigned by category code
=650  \3$aeconomics$9auto-assigned by category code
=911  \\$ichl00098343
=930  \\$a00000000$b00000000$c00000000
=946  \\$aNon-US


