=LDR  00836cam a22002771i 4500
=001  689690
=005  20100309123423.0
=008  950308s1931\\\\xx\\\\\\\\\\\\000\0\ger\u
=016  7\$aCAT10942139$2DNAL
=035  \\$90942-13960
=035  \\$a689690
=040  \\$cUPRA
=049  \\$aRQIB
=070  0\$a280.3$bT74
=072  \\$aE700
=100  1\$aTröger, Heinz,$d1903-
=245  14$aDie versorgung des freistaates Sachsen mit landwirtschaftlichen gütern ...
=260  \\$c1931.
=300  \\$a242 p.
=650  \3$amarketing$9auto-assigned by category code
=650  \3$adistribution (economics)$9auto-assigned by category code
=650  \3$aagricultural economics$9auto-assigned by category code
=650  \3$aagribusiness$9auto-assigned by category code
=911  \\$ichl00080118
=930  \\$a00000000$b00000000$c00000000
=946  \\$aNon-US


