=LDR  00787cam a22002771i 4500
=001  696299
=005  20100309130358.0
=008  950311s1932\\\\xx\\\\\\\\\\\\000\0\ger\u
=016  7\$aCAT10972119$2DNAL
=035  \\$90972-11960
=035  \\$a696299
=040  \\$cUPRA
=049  \\$aRQIB
=070  0\$a282.2$bOv4
=072  \\$aE110
=100  1\$aOvie, Hans Dietrich,$d1905-
=245  14$aDie Besiedlung der oldenburgischen Moore ...
=260  \\$c1932.
=300  \\$a1 v.
=650  \3$amacroeconomics$9auto-assigned by category code
=650  \3$aland use$9auto-assigned by category code
=650  \3$aland management$9auto-assigned by category code
=650  \3$aeconomics$9auto-assigned by category code
=911  \\$ichl00093204
=930  \\$a00000000$b00000000$c00000000
=946  \\$aNon-US

