=LDR  00843cam a22002771i 4500
=001  697062
=005  20100309144131.0
=008  950313s1934\\\\xx\\\\\\\\\\\\000\0\eng\u
=016  7\$aCAT10907441$2DNAL
=035  \\$90907-44160
=035  \\$a697062
=040  \\$cUPRA
=049  \\$aRQIB
=070  0\$a282$bC352
=072  \\$aE110
=110  2\$aChamber of Commerce of the United States of America.$bSpecial Committee on Land Policy.
=245  10$aLand policy :$breport of Committee ...
=260  \\$c1934.
=300  \\$a42 p.
=650  \3$amacroeconomics$9auto-assigned by category code
=650  \3$aland use$9auto-assigned by category code
=650  \3$aland management$9auto-assigned by category code
=650  \3$aeconomics$9auto-assigned by category code
=911  \\$ichl00091920
=930  \\$a00000000$b00000000$c00000000
=946  \\$aOther US

