=LDR  00649cam a22002411i 4500
=001  694816
=005  20100309102241.0
=008  950310s1929\\\\xx\\\\\\\\\\\l000\0\eng\u
=016  7\$aCAT10905109$2DNAL
=035  \\$90905-10960
=035  \\$a694816
=040  \\$cUPRA
=049  \\$aRQIB
=070  0\$a281.035$bF85
=072  \\$aE100
=110  1\$aFranklin Co. (Me.).$bFarm Bureau.
=245  14$aThe agricultural situation in Franklin County, Maine :$breport ...
=260  \\$c1929.
=300  \\$a23 p.
=650  \3$aagricultural economics$9auto-assigned by category code
=911  \\$ichl00084415
=930  \\$a00000000$b00000000$c00000000
=946  \\$aOther US

