=LDR  00677cam a22002651i 4500
=001  707855
=005  20100309091747.0
=008  950316m18941895xx\\\\\\\\\\\\000\0\ger\u
=016  7\$aCAT10971003$2DNAL
=035  \\$90971-00360
=035  \\$a707855
=040  \\$cUPRA
=049  \\$aRQIB
=070  0\$a201$bB78
=072  \\$aX000
=245  00$aBrockhaus' konversations lexikon.
=250  \\$aEd. 14 rev.
=260  \\$c1894-1895.
=300  \\$a16 v.
=500  \\$aEd. 14, jubiläums-ausg 17 bd Suppl. 1904.
=650  \3$ainformation sources$9auto-assigned by category code
=911  \\$ichl00108578
=911  \\$ichl00109516
=930  \\$a00000000$b00000000$c00000000
=946  \\$aNon-US


