=LDR  00718cam a22002411i 4500
=001  704949
=005  20100309140854.0
=008  950315n\\\\\\\\xx\\\\\\\\\\\f000\0\eng\u
=016  7\$aCAT10928820$2DNAL
=035  \\$90928-82060
=035  \\$a704949
=040  \\$cUPRA
=049  \\$aRQIB
=070  0\$a164.1$bM45
=072  \0$aQ105
=110  1\$aUnited States.$bFood Administration.$bHome Conservation Division.
=245  10$aMaximum preservation of fruit with minimum sugar :$bAugust, 1918.
=300  \\$a[4] p.
=650  \3$ahorticultural crops$9auto-assigned by category code
=650  \3$afood processing$9auto-assigned by category code
=911  \\$ichl00104148
=930  \\$a00000000$b00000000$c00000000
=946  \\$aOther US

