=LDR  00842cam a22002891i 4500
=001  693219
=005  20100309104514.0
=008  950310s1931\\\\xx\\\\\\\\\\\\000\0\ger\u
=016  7\$aCAT10971887$2DNAL
=035  \\$90971-88760
=035  \\$a693219
=040  \\$cUPRA
=049  \\$aRQIB
=070  0\$a281.346$bD56
=072  \\$aE130
=072  \\$aL100
=100  1\$aDietz, Max,$d1893-
=245  10$aBetriebswirtschaftliche fragen der schweineproduktion ...
=260  \\$c1931.
=300  \\$a79 p.
=650  \3$aanimal production$9auto-assigned by category code
=650  \3$aproduction economics$9auto-assigned by category code
=650  \3$amacroeconomics$9auto-assigned by category code
=650  \3$aagricultural economics$9auto-assigned by category code
=911  \\$ichl00090516
=930  \\$a00000000$b00000000$c00000000
=946  \\$aNon-US

