=LDR  00732cam a22002651i 4500
=001  695280
=005  20100309121212.0
=008  950310s1934\\\\xx\\\\\\\\\\\\000\0\eng\u
=016  7\$aCAT10905554$2DNAL
=035  \\$90905-55460
=035  \\$a695280
=040  \\$cUPRA
=049  \\$aRQIB
=070  0\$a281.13$bB77
=072  \\$aE200
=100  1\$aBritnell, George E.$q(George Edwin)
=245  14$aThe western farmer ...
=260  \\$c[1934]
=300  \\$a16 p.
=650  \3$amicroeconomics$9auto-assigned by category code
=650  \3$afarm management$9auto-assigned by category code
=650  \3$aagricultural economics$9auto-assigned by category code
=911  \\$ichl00085199
=930  \\$a00000000$b00000000$c00000000
=946  \\$aNon-US

