=LDR  00629cam a22002411i 4500
=001  691603
=005  20100309083208.0
=008  950309s1931\\\\xx\\\\\\\\\\\\000\0\ger\u
=016  7\$aCAT10942228$2DNAL
=035  \\$90942-22860
=035  \\$a691603
=040  \\$cUPRA
=049  \\$aRQIB
=070  0\$a281$bAh6
=072  \\$aE100
=100  1\$aAhnert, Emil,$d1900-
=245  14$aDie bäuerliche wirtschaft und das system ihrer wissenschaft ...
=260  \\$c1931.
=300  \\$a147 p.
=650  \3$aagricultural economics$9auto-assigned by category code
=911  \\$ichl00083098
=930  \\$a00000000$b00000000$c00000000
=946  \\$aNon-US


