=LDR  00936cam a22002891i 4500
=001  702150
=005  20100309133838.0
=008  950314m19341937xx\\\\\\\\\\\\000\0\eng\u
=016  7\$aCAT10910839$2DNAL
=035  \\$90910-83960
=035  \\$a702150
=040  \\$cUPRA
=049  \\$aRQIB
=070  0\$a286.2$bD91
=072  \\$aE700
=110  2\$aDun & Bradstreet, Inc.$bStatistical Dept.
=245  10$aRetail survey 1934-1937 /$cprepared by Statistical Department, Dun & Bradstreet, Inc. ...
=260  \\$c1934-[1937]
=300  \\$a4 v.
=590  \\$aFor parts rec'd. see checked list in binder.
=650  \3$amarketing$9auto-assigned by category code
=650  \3$adistribution (economics)$9auto-assigned by category code
=650  \3$aagricultural economics$9auto-assigned by category code
=650  \3$aagribusiness$9auto-assigned by category code
=911  \\$ichl00101180
=930  \\$a00000000$b00000000$c00000000
=946  \\$aOther US

