=LDR  01024cam a22003131i 4500
=001  704778
=005  20100309085626.0
=008  950315s1936\\\\xx\\\\\\\\\\\s000\0\eng\u
=016  7\$aCAT10903884$2DNAL
=035  \\$90903-88460
=035  \\$a704778
=040  \\$cUPRA
=049  \\$aRQIB
=070  0\$a280.39$bC713
=072  \\$aE700
=072  \\$aE400
=110  2\$aColorado Cooperative Marketing Institute (1936 : Grand Junction and Denver, Col.)
=245  10$aRecord of proceedings of the Colorado Cooperative Institute.
=260  \\$c1936.
=300  \\$a111 p.
=650  \3$aeconomics$9auto-assigned by category code
=650  \3$acooperatives$9auto-assigned by category code
=650  \3$amarketing$9auto-assigned by category code
=650  \3$adistribution (economics)$9auto-assigned by category code
=650  \3$aagricultural economics$9auto-assigned by category code
=650  \3$aagribusiness$9auto-assigned by category code
=911  \\$ichl00082662
=930  \\$a00000000$b00000000$c00000000
=946  \\$aOther US

