=LDR  00815cam a22002771i 4500
=001  701353
=005  20100309095336.0
=008  950314s1931\\\\xx\\\\\\\\\\\s000\0\eng\u
=016  7\$aCAT10910115$2DNAL
=035  \\$90910-11560
=035  \\$a701353
=040  \\$cUPRA
=049  \\$aRQIB
=070  0\$a284.5$bH31
=072  \\$aX700
=072  \\$aE100
=110  1\$aHawaii.$bTax Board.
=245  10$aReport of the Tax Board of the Territory of Hawaii :$bsubmitted to the governor ... January 31, 1931 ...
=260  \\$c1931.
=300  \\$a137 p.
=650  \3$aagricultural economics$9auto-assigned by category code
=650  \3$amarket analysis$9auto-assigned by category code
=650  \3$aeconomics$9auto-assigned by category code
=911  \\$ichl00099389
=930  \\$a00000000$b00000000$c00000000
=946  \\$aOther US

