=LDR  01111cam a22003131i 4500
=001  689661
=005  20100309085610.0
=008  950317s1934\\\\xx\\\\\\\\\\\s000\0\eng\u
=016  7\$aCAT10903062$2DNAL
=035  \\$90903-06260
=035  \\$a689661
=040  \\$cUPRA
=049  \\$aRQIB
=070  0\$a280.32$bP83P
=072  \\$aE700
=072  \\$aX700
=110  1\$aPortland (Ore.).$bChamber of Commerce.$bResearch Dept.
=245  10$aPortland, Oregon, as an world seaport, as and agricultural market outlet and as an industrial or distributive center from which to serve the eleven western states ...
=260  \\$c1934.
=300  \\$a[23] leaves
=650  \3$amarket analysis$9auto-assigned by category code
=650  \3$aeconomics$9auto-assigned by category code
=650  \3$amarketing$9auto-assigned by category code
=650  \3$adistribution (economics)$9auto-assigned by category code
=650  \3$aagricultural economics$9auto-assigned by category code
=650  \3$aagribusiness$9auto-assigned by category code
=911  \\$ichl00080504
=930  \\$a00000000$b00000000$c00000000
=946  \\$aOther US

